<record><leader>00000cas a2200000 a 4500</leader><controlfield tag="001">31304031</controlfield><controlfield tag="007">hd afu---baca</controlfield><controlfield tag="008">941018d18891891nbuwr nea     0    0eng d</controlfield><datafield ind1=" " ind2=" " tag="010"><subfield code="a">sn 94056429 </subfield></datafield><datafield ind1=" " ind2=" " tag="040"><subfield code="a">NVG</subfield><subfield code="b">eng</subfield><subfield code="c">NVG</subfield><subfield code="d">OCL</subfield><subfield code="d">OCLCQ</subfield><subfield code="d">OCLCF</subfield><subfield code="d">OCLCO</subfield><subfield code="d">OCLCQ</subfield></datafield><datafield ind1=" " ind2=" " tag="042"><subfield code="a">msc</subfield></datafield><datafield ind1=" " ind2=" " tag="043"><subfield code="a">n-us-nb</subfield></datafield><datafield ind1="0" ind2=" " tag="130"><subfield code="a">Republican-herald (Bassett, Neb.)</subfield></datafield><datafield ind1="1" ind2="0" tag="245"><subfield code="a">Republican-herald.</subfield></datafield><datafield ind1=" " ind2=" " tag="260"><subfield code="a">Bassett, Rock County, Neb. :</subfield><subfield code="b">Wiltse &amp; Berry,</subfield><subfield code="c">1889-</subfield></datafield><datafield ind1=" " ind2=" " tag="300"><subfield code="a">volumes</subfield></datafield><datafield ind1=" " ind2=" " tag="310"><subfield code="a">Weekly</subfield></datafield><datafield ind1=" " ind2=" " tag="336"><subfield code="a">text</subfield><subfield code="b">txt</subfield><subfield code="2">rdacontent</subfield></datafield><datafield ind1=" " ind2=" " tag="337"><subfield code="a">microform</subfield><subfield code="b">h</subfield><subfield code="2">rdamedia</subfield></datafield><datafield ind1=" " ind2=" " tag="338"><subfield code="a">microfilm reel</subfield><subfield code="b">hd</subfield><subfield code="2">rdacarrier</subfield></datafield><datafield ind1="0" ind2=" " tag="362"><subfield code="a">Vol. 6, no. 18 (Oct. 10, 1889)-</subfield></datafield><datafield ind1="1" ind2=" " tag="362"><subfield code="a">Ceased with July 30, 1891 issue.</subfield></datafield><datafield ind1=" " ind2=" " tag="580"><subfield code="a">Formed by the union of: Rock County Republican (Rock County, Neb.) and: Bassett herald.</subfield></datafield><datafield ind1=" " ind2=" " tag="580"><subfield code="a">Merged with Statesman (Rock County, Neb.), to form: Republican-statesman (Bassett, Neb.).</subfield></datafield><datafield ind1=" " ind2=" " tag="533"><subfield code="a">Microfilm.</subfield><subfield code="b">Wooster, Ohio :</subfield><subfield code="c">Bell &amp; Howell.</subfield><subfield code="e">1 microfilm reel ; 35 mm.</subfield></datafield><datafield ind1=" " ind2="0" tag="651"><subfield code="a">Rock County (Neb.)</subfield><subfield code="v">Newspapers.</subfield></datafield><datafield ind1=" " ind2="7" tag="651"><subfield code="a">Nebraska</subfield><subfield code="z">Rock County.</subfield><subfield code="2">fast</subfield><subfield code="0">(OCoLC)fst01232306</subfield></datafield><datafield ind1=" " ind2="7" tag="655"><subfield code="a">Newspapers.</subfield><subfield code="2">fast</subfield><subfield code="0">(OCoLC)fst01423814</subfield></datafield><datafield ind1=" " ind2=" " tag="752"><subfield code="a">United States</subfield><subfield code="b">Nebraska</subfield><subfield code="c">Rock</subfield><subfield code="d">Bassett.</subfield></datafield><datafield ind1="1" ind2="4" tag="780"><subfield code="t">Rock County Republican (Rock County, Neb.)</subfield></datafield><datafield ind1="1" ind2="4" tag="780"><subfield code="t">Bassett herald</subfield><subfield code="w">(DLC)sn 94056428</subfield></datafield><datafield ind1="1" ind2="7" tag="785"><subfield code="t">Statesman (Rock County, Neb.)</subfield></datafield><datafield ind1="1" ind2="7" tag="785"><subfield code="t">Republican-statesman (Bassett, Neb.)</subfield><subfield code="w">(DLC)sn 94056430</subfield></datafield><datafield ind1="1" ind2=" " tag="029"><subfield code="a">AU@</subfield><subfield code="b">000011305763</subfield></datafield></record>